@article{hills2009longitudinal,
  title={Longitudinal analysis of early semantic networks preferential attachment or preferential acquisition?},
  author={Hills, Thomas T and Maouene, Mounir and Maouene, Josita and Sheya, Adam and Smith, Linda},
  journal={Psychological Science},
  volume={20},
  number={6},
  pages={729--739},
  year={2009},
  publisher={SAGE Publications}
}

@article{hills2010associative,
  title={The associative structure of language: Contextual diversity in early word learning},
  author={Hills, Thomas T and Maouene, Josita and Riordan, Brian and Smith, Linda B},
  journal={Journal of memory and language},
  volume={63},
  number={3},
  pages={259--273},
  year={2010},
  publisher={Elsevier}
}

@article{tenenbaum2005large,
  title={The Large-scale structure of semantic networks: Statistical analyses and a model of semantic growth},
  author={Steyvers, Mark and Tenenbaum, Joshua B},
  journal={Cognitive science},
  volume={29},
  number={1},
  pages={41--78},
  year={2005},
  publisher={Wiley Online Library}
}

@article{goodman2008frequency,
  title={Does frequency count? Parental input and the acquisition of vocabulary},
  author={Goodman, Judith C and Dale, Philip S and Li, Ping},
  journal={Journal of child language},
  volume={35},
  number={03},
  pages={515--531},
  year={2008},
  publisher={Cambridge Univ Press}
}

@article{adelman2006contextual,
  title={Contextual diversity, not word frequency, determines word-naming and lexical decision times},
  author={Adelman, James S and Brown, Gordon DA and Quesada, Jos{\'e} F},
  journal={Psychological Science},
  volume={17},
  number={9},
  pages={814--823},
  year={2006},
  publisher={SAGE Publications}
}

@article{collins1969retrieval,
  title={Retrieval time from semantic memory},
  author={Collins, Allan M and Quillian, M Ross},
  journal={Journal of verbal learning and verbal behavior},
  volume={8},
  number={2},
  pages={240--247},
  year={1969},
  publisher={Elsevier}
}

@article{sigman2002global,
  title={Global organization of the Wordnet lexicon},
  author={Sigman, Mariano and Cecchi, Guillermo A},
  journal={Proceedings of the National Academy of Sciences},
  volume={99},
  number={3},
  pages={1742--1747},
  year={2002},
  publisher={National Acad Sciences}
}

